<record xmlns="http://www.loc.gov/MARC21/slim" xmlns:xsi="http://www.w3.org/2001/XMLSchema-instance" xsi:schemaLocation="http://www.loc.gov/MARC21/slim http://www.loc.gov/standards/marcxml/schema/MARC21slim.xsd"><leader>00801nz   2200169n  4500</leader><controlfield tag="001">oca03854882 </controlfield><controlfield tag="005">19950610053604.9</controlfield><controlfield tag="008">950605n| acannaab|          |a aaa     c</controlfield><datafield ind1=" " ind2=" " tag="010"><subfield code="a">nr 95020709 </subfield></datafield><datafield ind1=" " ind2=" " tag="040"><subfield code="a">NNC</subfield><subfield code="c">NNC</subfield></datafield><datafield ind1="0" ind2=" " tag="100"><subfield code="a">Valerius Aedituus,</subfield><subfield code="d">fl. ca. 100 B.C.</subfield></datafield><datafield ind1="1" ind2=" " tag="400"><subfield code="a">Aedituus, Valerius,</subfield><subfield code="d">fl. ca. 100 B.C.</subfield></datafield><datafield ind1=" " ind2=" " tag="670"><subfield code="a">His Epigrammator [CF] 1991:</subfield><subfield code="b">PHI CD ROM #5.3, Latin canon, bibliographic screen (Valerius Aedituus)</subfield></datafield><datafield ind1=" " ind2=" " tag="670"><subfield code="a">Oxford class. dict., 1st ed.:</subfield><subfield code="b">p. 934 (Valerius Aedituus, fl. c. 100 B.C.; wrote epigrams)</subfield></datafield><datafield ind1=" " ind2=" " tag="670"><subfield code="a">Pauly-Wissowa:</subfield><subfield code="b">Bd. 14, c. 2312-2313 (Valerius Aedituus, epigrammatic poet)</subfield></datafield><datafield ind1=" " ind2=" " tag="670"><subfield code="a">The Fragmentary Latin poets, 1993:</subfield><subfield code="b">p. 72-74 (Valerius Aedituus; nothing is known about this man; even his cognomen is not known as such elsewhere)</subfield></datafield><datafield ind1=" " ind2=" " tag="675"><subfield code="a">NUC pre-56.</subfield></datafield></record>